@article{feynmanSimulatingPhysicsComputers1982,
  title = {Simulating Physics with Computers},
  author = {Feynman, Richard P.},
  date = {1982-06-01},
  journaltitle = {International Journal of Theoretical Physics},
  shortjournal = {International Journal of Theoretical Physics},
  volume = {21},
  number = {6},
  pages = {467--488},
  issn = {1572-9575},
  doi = {10.1007/BF02650179},
  url = {https://doi.org/10.1007/BF02650179}
}

@article{brooksQuantumSupremacyHunt2019,
  title = {Beyond Quantum Supremacy: The Hunt for Useful Quantum Computers},
  author = {Brooks, Michael},
  year = {2019},
  journal = {Nature},
  volume = {574},
  number = {7776},
  pages = {19--22},
  publisher = {{Nature Publishing Group}},
  issn = {0028-0836}
}

