@misc{2020QiskitGlobal,
  title = {2020 {{Qiskit}} Global Summer School on Quantum Computing and Quantum Hardware},
  howpublished = {https://qiskit.org/textbook-beta/summer-school/introduction-to-quantum-computing-and-quantum-hardware-2020},
  urlyear = {2022-04-08},
  year = {3023}
}